@article{ref:omar:2012,
    title = "Automated Analysis of Exam Questions According to Bloom's Taxonomy",
    journal = "Procedia - Social and Behavioral Sciences",
    volume = "59",
    number = "Supplement C",
    pages = "297 - 303",
    year = "2012",
    note = "Universiti Kebangsaan Malaysia Teaching and Learning Congress 2011, Volume I, December 17 â€“ 20 2011, Pulau Pinang MALAYSIA",
    issn = "1877-0428",
    doi = "https://doi.org/10.1016/j.sbspro.2012.09.278",
    url = "http://www.sciencedirect.com/science/article/pii/S1877042812037263",
    author = "Nazlia Omar and Syahidah Sufi Haris and Rosilah Hassan and Haslina Arshad and Masura Rahmat and Noor Faridatul Ainun Zainal and Rozli Zulkifli",
    keywords = "Bloom's taxonomy, natural language processing, rule-based"
}

@MISC{ref:lekha,
    author = {Durgesh K. Srivastava and Lekha Bhambhu},
    title = {DATA CLASSIFICATION USING SUPPORT VECTOR MACHINE},
    year = {}
}

@inproceedings{ref:awad:2004,
 author = {Awad, Mamoun and Khan, Latifur and Bastani, Farokh and Yen, I-Ling},
 title = {An Effective Support Vector Machines (SVMs) Performance Using Hierarchical Clustering},
 booktitle = {Proceedings of the 16th IEEE International Conference on Tools with Artificial Intelligence},
 series = {ICTAI '04},
 year = {2004},
 isbn = {0-7695-2236-X},
 pages = {663--667},
 numpages = {5},
 url = {https://doi.org/10.1109/ICTAI.2004.26},
 doi = {10.1109/ICTAI.2004.26},
 acmid = {1033665},
 publisher = {IEEE Computer Society},
 address = {Washington, DC, USA},
}

@inproceedings{ref:lowd:2005,
 author = {Lowd, Daniel and Domingos, Pedro},
 title = {Naive Bayes Models for Probability Estimation},
 booktitle = {Proceedings of the 22Nd International Conference on Machine Learning},
 series = {ICML '05},
 year = {2005},
 isbn = {1-59593-180-5},
 location = {Bonn, Germany},
 pages = {529--536},
 numpages = {8},
 url = {http://doi.acm.org/10.1145/1102351.1102418},
 doi = {10.1145/1102351.1102418},
 acmid = {1102418},
 publisher = {ACM},
 address = {New York, NY, USA},
}
